@article{Kolda2009,
  title = {Tensor Decompositions and Applications},
  author = {Kolda, Tamara G. and Bader, Brett W.},
  year  = {2009},
  journal = {{SIAM Review}},
  volume = {51},
  number = {3},
  pages = {455-500},
  DOI = {10.1137/07070111X},
}

@Manual{Helwig2019,
	title = {multiway: Component Models for Multi-Way Data},
	author = {Nathaniel E. Helwig},
	year = {2019},
	note = {R package version 1.0-6},
	url = {https://CRAN.R-project.org/package=multiway},
}

@article{ Yilmaz2011,
Author = {Yilmaz, Ali and Nyberg, Nils T. and Jaroszewski, Jerzy W.},
Title = {Metabolic Profiling Based on Two-Dimensional J-Resolved H-1 NMR Data and Parallel Factor Analysis},
Journal = {Analytical Chemistry},
Year = {2011},
Volume = {83},
Number = {21},
Pages = {8278-8285},
Month = {NOV 1},
DOI = {10.1021/ac202089g},
}

@article{ Bro2003a,
Author = {Bro, R and Kiers, HAL},
Title = {A new efficient method for determining the number of components in PARAFAC models},
Journal = {Journal of Chemometrics},
Year = {2003},
Volume = {17},
Number = {5},
Pages = {274-286},
Month = {MAY},
DOI = {10.1002/cem.801},
}

@article{ Bro2003b,
Author = {Bro, R and Smilde, AK},
Title = {Centering and scaling in component analysis},
Journal = {Journal of Chemometrics},
Year = {2003},
Volume = {17},
Number = {1},
Pages = {16-33},
Month = {JAN},
DOI = {10.1002/cem.773},
}

@article{ Kiers2000,
Author = {Kiers, HAL},
Title = {Towards a standardized notation and terminology in multiway analysis},
Journal = {Journal of Chemometrics},
Year = {2000},
Volume = {14},
Number = {3},
Pages = {105-122},
Month = {MAY-JUN},
}

@article{ Bro1997,
Author = {Bro, R},
Title = {PARAFAC. Tutorial and applications},
Journal = {Chemometrics and Intelligent Laboratory Systems},
Year = {1997},
Volume = {38},
Number = {2},
Pages = {149-171},
Month = {OCT},
}

@book{ Smilde2004,
Author = {Smilde, A and Bro, R and Geladi, P},
Title = {Multi-way Analysis: Applications in the Chemical Sciences},
Year = {2004},
Publisher = {Wiley}
}

@article{ Huang2003,
Author = {Huang, J and Wium, H and Qvist, KB and Esbensen, KH},
Title = {Multi-way methods in image analysis-relationships and applications},
Journal = {Chemometrics and Intelligent Laboratory Systems},
Year = {2003},
Volume = {66},
Number = {2},
Pages = {141-158},
Month = {JUN 28},
}


@article {Esbensen1989,
author = {Esbensen, Kim. H. and Wold, Svante and Geladi, Paul},
title = {Relationships between higher-order data array configurations and problem formulations in multivariate data analysis},
journal = {Journal of Chemometrics},
volume = {3},
number = {1},
doi = {10.1002/cem.1180030106},
pages = {33--48},
}
